	%BibTeX
@book{Pershin2018CompMath,
	author  = "{Першин А.Ю.}",
	pages  = "140",
	address = "{Москва}",
	title = "Лекции по курсу <<Вычислительная математика>>",
	year  = "2018-2021",
	language = "russian",
	url = "https://archrk6.bmstu.ru/index.php/f/810046"
},

@misc {FloatingPointData2021,
author = "{Chris Maiwald (BSD License)}",
title  = "{16 bit floating-point data type for C++ [Электронный ресурс] [Офиц. сайт]}",
year = {2021},
url = {https://github.com/acgessler/half\_float},
note = {(дата обращения 21.04.2021)},
language = "russian",
},

@article{MIRJALILI201446,
title = {Grey Wolf Optimizer},
journal = {Advances in Engineering Software},
volume = {69},
pages = {46-61},
year = {2014},
issn = {0965-9978},
doi = {https://doi.org/10.1016/j.advengsoft.2013.12.007},
url = {https://www.sciencedirect.com/science/article/pii/S0965997813001853},
author = {Seyedali Mirjalili and Seyed Mohammad Mirjalili and Andrew Lewis},
keywords = {Optimization, Optimization techniques, Heuristic algorithm, Metaheuristics, Constrained optimization, GWO},
abstract = {This work proposes a new meta-heuristic called Grey Wolf Optimizer (GWO) inspired by grey wolves (Canis lupus). The GWO algorithm mimics the leadership hierarchy and hunting mechanism of grey wolves in nature. Four types of grey wolves such as alpha, beta, delta, and omega are employed for simulating the leadership hierarchy. In addition, the three main steps of hunting, searching for prey, encircling prey, and attacking prey, are implemented. The algorithm is then benchmarked on 29 well-known test functions, and the results are verified by a comparative study with Particle Swarm Optimization (PSO), Gravitational Search Algorithm (GSA), Differential Evolution (DE), Evolutionary Programming (EP), and Evolution Strategy (ES). The results show that the GWO algorithm is able to provide very competitive results compared to these well-known meta-heuristics. The paper also considers solving three classical engineering design problems (tension/compression spring, welded beam, and pressure vessel designs) and presents a real application of the proposed method in the field of optical engineering. The results of the classical engineering design problems and real application prove that the proposed algorithm is applicable to challenging problems with unknown search spaces.}
}

@ARTICLE{985692,
  author={Clerc, M. and Kennedy, J.},
  journal={IEEE Transactions on Evolutionary Computation}, 
  title={The particle swarm - explosion, stability, and convergence in a multidimensional complex space}, 
  year={2002},
  volume={6},
  number={1},
  pages={58-73},
  doi={10.1109/4235.985692}}

@article{SokPersh2019PCS,
		author = "{A.P.~Sokolov and A.Yu.~Pershin}",
		title = {Graph-Based Software Framework for Implementation of Complex Computational Methods},
		journal = {Programming and Computer Software},
		volume = {45},
		number = {5},
		pages = {257-–267},
		year = {2019},
		language = "english",
		note = "{\pdfcomment{(SC+) Scopus. Соискателю принадлежат научные основы графо-ориентированного подхода и способ создания вычислительных библиотек систем инженерного анализа на основе графо-ориентированного подхода.}}",
		}
  
@article{SokGolub2021GBSEBL,
		author = "{Соколов~А.П., Голубев~В.О.}",
		title = {Система автоматизированного проектирования композиционных материалов. Часть~3: графоориентированная методология разработки средств взаимодействия пользователь-система},
		journal = {Известия СПбГЭТУ <<ЛЭТИ>>},
		number = {2},
		pages = {43--57},
		year = {2021},
		language={russian},
		note = "\pdfcomment{(+1) 05.13.12. Соискателю принадлежат: а)~графоориентированный метод организации вычислительных процессов в распределённой САПР, обеспечивающий участие лиц принимающих решение на разных этапах обработчки данных; б)~идея применения графоориентированного подхода для описания бизнес-логики работы пользователей в системе.}",
		}
  
@article{alg-dot,
  author            = {Emden R. Gansner, Eleftherios Koutsofios, Stephen C. North, and Gem-Phong Vo },
  title             = {A Technique for Drawing Directed Graphs},
  year              = {1993},
  language          = {russian},
  publication_stage = {Final}
}

@article{alg-graph,
  author            = {Пупырев С.Н., Тихонов А.В.},
  title             = {Визуализация динамических графов для анализа сложных сетей},
  year              = {2010},
  journal           = {Моделирование и анализ информационных систем},
  volume            = {17},
  number            = {1},
  pages             = {117 – 135},
  language          = {russian},
  publication_stage = {Final}
}

@misc{alg-fruchterman,
  title = {{Алгоритм Фрюхтермана-Рейнгольда}},
  howpublished = {// pco.iis.nsk.su -- URL: \url{http://pco.iis.nsk.su/wega/index.php/Алгоритм_Фрюхтермана-Рейнгольда}}
}

@misc{alg-kamada-kawai,
  title = {{Алгоритм Камада-Кавай}},
  howpublished = {// pco.iis.nsk.su -- URL: \url{http://pco.iis.nsk.su/wega/index.php/Алгоритм_Камада-Кавай}}
}

@misc{alg-force-atlas-2,
  title = {{Построение графов: пошаговый гайд}},
  howpublished = {// habr.com -- URL: \url{https://habr.com/ru/company/leader-id/blog/488058/}}
}

@misc{alg-open-ord,
  title = {{Метод укладки Gephi. Метод Фрухтермана-Рейнгольда и Openord}},
  howpublished = {// newtechaudit.ru -- URL: \url{https://newtechaudit.ru/metod-ukladki-gephi-fruhtermana-rejngolda-i-openord/}}
}

@misc{alg-gamma,
  title = {{Гамма-алгоритм}},
  howpublished = {// neerc.ifmo.ru -- URL: \url{https://neerc.ifmo.ru/wiki/index.php?title=Гамма-алгоритм}}
}

@misc{alg-eades,
  title = {{A Simple and Unified Method for Drawing Graphs: Magnetic-Spring Algorithm}},
  howpublished = {// link.springer.com -- URL: \url{https://link.springer.com/content/pdf/10.1007/3-540-58950-3_391.pdf}}
}
